<?xml version="1.0" encoding="UTF-8"?><record xmlns="http://www.loc.gov/MARC21/slim" xmlns:cinclude="http://apache.org/cocoon/include/1.0" xmlns:zs="http://www.loc.gov/zing/srw/">
  <leader>00382cz  a2200133n  4500</leader>
  <controlfield tag="001">n  93062649 </controlfield>
  <controlfield tag="003">DLC</controlfield>
  <controlfield tag="005">19971105163539.4</controlfield>
  <controlfield tag="008">930701n| acannaab|          |a aaa |||  </controlfield>
  <datafield tag="010" ind1=" " ind2=" ">
    <subfield code="a">n  93062649 </subfield>
    <subfield code="z">n  91068122 </subfield>
  </datafield>
  <datafield tag="040" ind1=" " ind2=" ">
    <subfield code="a">DLC</subfield>
    <subfield code="c">DLC</subfield>
    <subfield code="d">DLC</subfield>
  </datafield>
  <datafield tag="100" ind1="0" ind2="0">
    <subfield code="a">Rangsan Sǣngsuk</subfield>
  </datafield>
  <datafield tag="400" ind1="1" ind2="0">
    <subfield code="a">Sǣngsuk, Rangsan</subfield>
  </datafield>
  <datafield tag="670" ind1=" " ind2=" ">
    <subfield code="a">His Pramūan Kotmāi Phǣng læ ... 1971:</subfield>
    <subfield code="b">t.p. (Rangsan Sǣngsuk)</subfield>
  </datafield>
</record>